@misc{135809Classification,
  title = {T 1358/09 ({{Classification}}/{{BDGB ENTERPRISE SOFTWARE}}) 21-11-2014 {\textbar} Epo.Org},
  urldate = {2024-08-22},
  howpublished = {https://www.epo.org/en/boards-of-appeal/decisions/t091358eu1},
  file = {/Users/chrisoesterreich/Zotero/storage/AIPE8DUY/t091358eu1.html}
}

@misc{34PatGEinzelnorm,
  title = {{\S} 34 {{PatG}} - {{Einzelnorm}}},
  urldate = {2024-06-19},
  howpublished = {https://www.gesetze-im-internet.de/patg/\_\_34.html},
  keywords = {2.1 Patentgesetz Def},
  file = {/Users/chrisoesterreich/Zotero/storage/CMEMDTV2/__34.html}
}

@misc{AlphaFold2024,
  title = {{{AlphaFold}}},
  year = {2024},
  month = aug,
  journal = {Google DeepMind},
  urldate = {2024-08-27},
  abstract = {Breakthrough AI system accurately predicts the 3D models of protein structures --- and accelerates research in nearly every field of biology.},
  howpublished = {https://deepmind.google/technologies/alphafold/},
  langid = {english},
  file = {/Users/chrisoesterreich/Zotero/storage/MIXQCG9C/alphafold.html}
}

@article{ann12TechnischerCharakter2022,
  title = {{\S} 12. {{Technischer Charakter}} Der {{Erfindung}}},
  author = {Ann},
  editor = {Patentrecht},
  year = {2022},
  journal = {Ann},
  edition = {8},
  keywords = {3.1 Pat Computerprogramm},
  file = {/Users/chrisoesterreich/Zotero/storage/N8MQEL36/Dokument.html}
}

@misc{BGH2420112011a,
  type = {Urt.},
  title = {{{BGH}}, 24. 2. 2011 - {{X ZR}} 121/09 - {{Erfindungen}} Mit {{Bezug}} Zu {{Ger{\"a}ten}} Und {{Computerprogrammen}}},
  shorttitle = {Erfindungen Mit {{Bezug}} Zu {{Ger{\"a}ten}} Und {{Computerprogrammen}}},
  year = {2011},
  month = feb,
  volume = {2011},
  number = {X ZR 121/09},
  pages = {610--613},
  abstract = {1. Bei Erfindungen mit Bezug zu Ger{\"a}ten und Verfahren (Programmen) der elektronischen Datenverarbeitung ist zun{\"a}chst zu kl{\"a}ren, ob der Gegenstand der Erfindung zumindest mit einem Teilaspekt auf technischem Gebiet liegt ({\S} PATG {\S} 1 PATG {\S} 1 Absatz I PatG). Danach ist zu pr{\"u}fen, ob dieser Gegenstand lediglich ein Programm f{\"u}r Datenverarbeitungsanlagen als solches darstellt und deshalb vom Patentschutz ausgeschlossen ist. Der Ausschlusstatbestand greift nicht ein, wenn diese weitere Pr{\"u}fung ergibt, dass die Lehre Anweisungen enth{\"a}lt, die der L{\"o}sung eines konkreten technischen Problems mit technischen Mitteln dienen. 2. Ein Verfahren, das der datenverarbeitungsm{\"a}{\ss}igen Abarbeitung von Verfahrensschritten in netzwerkm{\"a}{\ss}ig verbundenen technischen Ger{\"a}ten (Server, Clients) dient, weist die f{\"u}r den Patentschutz vorauszusetzende Technizit{\"a}t auch dann auf, wenn diese Ger{\"a}te nicht ausdr{\"u}cklich im Patentanspruch genannt sind.},
  file = {/Users/chrisoesterreich/Zotero/storage/DX4TK2PF/Dokument.html}
}

@misc{BGH27031969,
  title = {{{BGH}}, 27.03.1969 - {{X ZB}} 15/67 - {{BGH}} 27.03.1969 {{X ZB}} 15/67 "{{Rote Taube}}" Zur {{Fussnote}}},
  shorttitle = {{{BGH}} 27.03.1969 {{X ZB}} 15/67 "{{Rote Taube}}" Zur {{Fussnote}}},
  year = {1969},
  month = mar,
  volume = {1969},
  number = {X ZB 15/67},
  pages = {672--676},
  abstract = {a) Dem Patentschutz zug{\"a}nglich ist eine Lehre zum planm{\"a}{\ss}igen Handeln unter Einsatz beherrschbarer Naturkr{\"a}fte zur Erreichung eines kausal {\"u}bersehbaren Erfolges; auch die planm{\"a}{\ss}ige Ausnutzung biologischer Naturkr{\"a}fte und Erscheinungen ist nicht grunds{\"a}tzlich vom Patentschutz ausgeschlossen.    b) Notwendige Voraussetzung f{\"u}r die Patentierung eines Tierz{\"u}chtungsverfahrens ist seine Wiederholbarkeit.},
  keywords = {3.1 Pat Computerprogramm},
  file = {/Users/chrisoesterreich/Zotero/storage/KVSFZ53I/Dokument.html}
}

@misc{BGH3020152015,
  type = {Beschl.},
  title = {{{BGH}}, 30.6.2015 - {{X ZB}} 1/15 - {{Flugzeugzustand}}},
  shorttitle = {Flugzeugzustand},
  year = {2015},
  month = jun,
  volume = {2015},
  number = {X ZB 1/15},
  pages = {983--985},
  keywords = {3.1 Pat Computerprogramm},
  file = {/Users/chrisoesterreich/Zotero/storage/SLSLIS5S/Dokument.html}
}

@misc{BPatG01032001,
  type = {Beschl.},
  title = {{{BPatG}}, 01.03.2001 - {{BPATG Aktenzeichen}} 17 {{W}} (Pat) 6/00},
  year = {2001},
  month = mar,
  number = {BPATG Aktenzeichen 17 W (pat) 6/00},
  file = {/Users/chrisoesterreich/Zotero/storage/BDYPTQWE/Dokument.html}
}

@misc{BPatG10012012,
  type = {Beschl.},
  title = {{{BPatG}}, 10.01.2012 - {{BPATG Aktenzeichen}} 17 {{W}} (Pat) 74/07},
  year = {2012},
  month = jan,
  number = {BPATG Aktenzeichen 17 W (pat) 74/07},
  file = {/Users/chrisoesterreich/Zotero/storage/Q5IKRBBG/Dokument.html}
}

@misc{BPatG21122021,
  type = {Beschl.},
  title = {{{BPatG}}, 21.12.2021 - {{BPATG Aktenzeichen}} 18 {{W}} (Pat) 28/20},
  year = {2021},
  month = dec,
  number = {BPATG Aktenzeichen 18 W (pat) 28/20},
  abstract = {Redaktionelle Leits{\"a}tze: 					1. Die Angabe einer nicht-menschlichen Entit{\"a}t als Erfinder erf{\"u}llt nicht die Anforderung an der Erfinderbenennung.~ (Rn. GRURRS Jahr 2021 Randnummer 24) 					2. Ist ein Patentanmelder Eigent{\"u}mer, Besitzer, Hersteller, Programmierer sowie Betreiber einer Maschine mit k{\"u}nstlicher Intelligenz und hat keine andere Person einen Beitrag zur Erfindung geliefert, spricht nichts dagegen, dass er sich als Erfinder bezeichnet.~ ~ ~ (Rn. GRURRS Jahr 2021 Randnummer 27) 					3. Hat der Anmelder im Hinblick auf die Wahrheitspflicht Bedenken, zu verschweigen, dass er eine Maschine mit k{\"u}nstlicher Intelligenz zur Hilfe genommen hat, kann er dies in der Beschreibung angeben.~~ (Rn. GRURRS Jahr 2021 Randnummer 29)},
  file = {/Users/chrisoesterreich/Zotero/storage/PAXL2QE8/Dokument.html}
}

@misc{BPatG27052014,
  type = {Beschl.},
  title = {{{BPatG}}, 27.05.2014 - {{BPATG Aktenzeichen}} 17 {{W}} (Pat) 9/10},
  year = {2014},
  month = may,
  number = {BPATG Aktenzeichen 17 W (pat) 9/10},
  keywords = {3.1 Pat Computerprogramm},
  file = {/Users/chrisoesterreich/Zotero/storage/BFQFANEL/Dokument.html}
}

@misc{Bundesgerichtshof13051980,
  type = {Beschl.},
  title = {Bundesgerichtshof, 13.05.1980 - {{X ZB}} 19/78 - {{Bundesgerichtshof}} 13.05.1980 {{X ZB}} 19/78 "{{Antiblockiersystem}}"},
  shorttitle = {Bundesgerichtshof 13.05.1980 {{X ZB}} 19/78 "{{Antiblockiersystem}}"},
  year = {1980},
  month = may,
  volume = {1980},
  number = {X ZB 19/78},
  pages = {849--852},
  abstract = {Zur Frage der technischen Erfindung.},
  keywords = {3.1 Pat Computerprogramm},
  file = {/Users/chrisoesterreich/Zotero/storage/WHVVYG2B/Dokument.html}
}

@misc{ChatGPT,
  title = {{{ChatGPT}}},
  urldate = {2024-06-13},
  abstract = {A conversational AI system that listens, learns, and challenges},
  howpublished = {https://chatgpt.com},
  langid = {american},
  keywords = {1 Einleitung},
  file = {/Users/chrisoesterreich/Zotero/storage/9D639PZR/chatgpt.com.html}
}

@misc{ComputerProgrammeUnverzichtbareComputerprogramme,
  title = {{Computer-Programme: Unverzichtbare Computerprogramme f{\"u}r Fachleute {\textbar} Lenovo Deutschland}},
  shorttitle = {{Computer-Programme}},
  urldate = {2024-07-16},
  howpublished = {https://www.lenovo.com/de/de/glossary/computer-programs/},
  langid = {ngerman},
  file = {/Users/chrisoesterreich/Zotero/storage/N2T28FRY/computer-programs.html}
}

@misc{courtThalerAppellantComptrollerGeneral,
  title = {Thaler ({{Appellant}}) v {{Comptroller-General}} of {{Patents}}, {{Designs}} and {{Trademarks}} ({{Respondent}}) - {{The Supreme Court}}},
  author = {Court, The Supreme},
  urldate = {2024-03-05},
  abstract = {Case details},
  howpublished = {https://www.supremecourt.uk/cases/uksc-2021-0201.html},
  langid = {english},
  keywords = {3.2 KI als Erfinder},
  file = {/Users/chrisoesterreich/Zotero/storage/WIQFLNGH/uksc-2021-0201.html}
}

@article{delvauxMitEmpfehlungenKommission,
  title = {{mit Empfehlungen an die Kommission zu zivilrechtlichen Regelungen im Bereich Robotik (2015/2103(INL))}},
  author = {Delvaux, Mady},
  langid = {ngerman},
  file = {/Users/chrisoesterreich/Zotero/storage/SHQRLFY9/Delvaux - mit Empfehlungen an die Kommission zu zivilrechtli.pdf}
}

@misc{DocumentDetails,
  title = {Document {{Details}}},
  urldate = {2024-03-05},
  howpublished = {https://www.wipo.int/meetings/en/doc\_details.jsp?doc\_id=470053},
  langid = {english},
  keywords = {3.2 KI als Erfinder},
  file = {/Users/chrisoesterreich/Zotero/storage/THXUC4NI/wipo_ip_ai_2_ge_20_1.pdf;/Users/chrisoesterreich/Zotero/storage/7IBDWBQV/doc_details.html}
}

@article{dornisDornisSchopfungOhne2021,
  title = {Dornis: {{Die}} ,,{{Sch{\"o}pfung}} Ohne {{Sch{\"o}pfer}}`` -- {{Klarstellungen}} Zur ,,{{KI-Autonomie}}`` Im {{Urheber-}} Und {{Patentrecht}}},
  shorttitle = {Dornis},
  author = {Dornis, Tim W.},
  year = {2021},
  journal = {Gewerblicher Rechtsschutz und Urheberrecht},
  number = {6},
  pages = {784--792},
  abstract = {K{\"u}nstliche Intelligenz (KI) h{\"a}lt Einzug in alle Lebensbereiche, so auch bei kreativer Produktion und erfinderischer T{\"a}tigkeit. KI wird unter anderem bei der Erstellung von Nachrichtentexten, der Komposition von Musik und der Erschaffung von bildender Kunst, aber auch in der pharmazeutischen Forschung und Entwicklung eingesetzt. {\"U}ber die Ergebnisse dieses KI-Einsatzes herrscht Streit: Im Kern geht es um die Frage, ob KI-generierte ,,Werke`` und ,,Erfindungen`` nach Urheber- oder Patentrecht zu sch{\"u}tzen sind, oder ob ein solcher Schutz -- mangels menschlicher Sch{\"o}pfung -- scheitern muss. Auch das Europ{\"a}ische Parlament und die Kommission haben das Thema mittlerweile auf der Agenda. Wie ein Blick auf dogmatische Grundlagen und wirtschaftliche Hintergr{\"u}nde der ,,Sch{\"o}pfung ohne Sch{\"o}pfer`` offenbart, ist das geltende Recht den neuen Herausforderungen kaum gewachsen.},
  keywords = {3.2 KI als Erfinder},
  file = {/Users/chrisoesterreich/Zotero/storage/4URS3EQY/Dokument.html}
}

@misc{DPMAComputerimplementierteErfindungen,
  title = {{DPMA {\textbar} Computerimplementierte Erfindungen}},
  journal = {Deutsches Patent- und Markenamt},
  urldate = {2024-06-19},
  abstract = {Computerimplementierte Erfindungen - Das Beispiel Navigationsger{\"a}t (Wiedergabe topografischer Informationen) - Das Beispiel Auf- und Wiederfinden einer bestimmten Informationsseite im Internet (Webseitenanzeige) - Rechtsprechung zu den genannten Beispielen: - Antragsunterlagen f{\"u}r Computerimplementierte Erfindungen},
  howpublished = {https://www.dpma.de/patente/patentschutz/schutzvoraussetzungen/schutz\_computerprogramme/index.html},
  langid = {ngerman},
  keywords = {3.1 Pat Computerprogramm}
}

@misc{DPMAPatentschutz,
  title = {{DPMA {\textbar} Patentschutz}},
  journal = {Deutsches Patent- und Markenamt},
  urldate = {2024-06-14},
  abstract = {Patentschutz  - Schutz f{\"u}r Ihre technischen Erfindungen - Patente erleichtern unternehmerische Entscheidungen - Bedeutung f{\"u}r Technologie-Transfer - Erfindung ist 20 Jahre gesch{\"u}tzt - Grenz{\"u}berschreitender Schutz m{\"o}glich - Erfindungen lizenzieren - Gebrauchsmuster - die schnelle Alternative zum Patent - Den Stand der Technik {\"u}berblicken - Weitere Informationen},
  howpublished = {https://www.dpma.de/patente/patentschutz/index.html},
  langid = {ngerman},
  keywords = {1 Einleitung,2.1 Patentgesetz Def},
  file = {/Users/chrisoesterreich/Zotero/storage/9Q3TUPJJ/index.html}
}

@article{ensthalerEnsthalerBegrenzungPatentierung2013,
  title = {Ensthaler: {{Begrenzung}} Der {{Patentierung}} von {{Computerprogrammen}}?},
  shorttitle = {Ensthaler},
  author = {Ensthaler, J{\"u}rgen},
  year = {2013},
  journal = {Gewerblicher Rechtsschutz und Urheberrecht},
  number = {7},
  pages = {666--669},
  abstract = {Ein so genannter interfraktioneller Antrag im Bundestag ist darauf gerichtet, die Patentierung von Computerprogrammen effektiv zu begrenzen. Der Beitrag nimmt zu diesem Antrag Stellung und entwickelt einen eigenen Vorschlag.},
  keywords = {3.1 Pat Computerprogramm},
  file = {/Users/chrisoesterreich/Zotero/storage/CAJZRDZP/Dokument.html}
}

@misc{EPA21092012,
  type = {Beschl.},
  title = {{{EPA}}, 21.09.2012 - {{EUG Aktenzeichen T}} 1784/06},
  year = {2012},
  month = sep,
  number = {EUG Aktenzeichen T 1784/06},
  keywords = {3.1 Pat Computerprogramm},
  file = {/Users/chrisoesterreich/Zotero/storage/CUST84HT/Dokument.html}
}

@misc{EPA21112014,
  title = {{{EPA}}, 21.11.2014 - {{EUG Aktenzeichen T}} 1358/09},
  year = {2014},
  month = nov,
  number = {EUG Aktenzeichen T 1358/09},
  keywords = {3.1 Pat Computerprogramm},
  file = {/Users/chrisoesterreich/Zotero/storage/WGUHWNS8/Dokument.html}
}

@misc{EPA27012020,
  type = {Urt.},
  title = {{{EPA}}, 27.01.2020 - 18 275 163.6},
  year = {2020},
  month = jan,
  number = {18 275 163.6},
  file = {/Users/chrisoesterreich/Zotero/storage/ZFNG6I5X/Dokument.html}
}

@misc{EPThisFile,
  title = {{{EP About}} This File - {{European Patent Register}}},
  urldate = {2024-08-22},
  howpublished = {https://register.epo.org/application?number=EP79300903},
  file = {/Users/chrisoesterreich/Zotero/storage/V9KWNCB2/application.html}
}

@misc{EuropaischesPatentamt152006,
  title = {Europ{\"a}isches {{Patentamt}}, 15.11.2006 - {{T}} 154/04 - {{Patentrecht}}},
  shorttitle = {Patentrecht},
  year = {2006},
  month = nov,
  volume = {2008},
  number = {T 154/04},
  pages = {337--345},
  abstract = {1. Betriebswirtschaftliche Forschungsverfahren sind ,,als solche'' nach Art. EUPATUEBER Artikel 52 (2)c) und (3) EP{\"U} nicht patentf{\"a}hig. 2. Das Sammeln und das Auswerten von Daten im Rahmen eines betriebswirtschaftlichen Forschungsverfahrens verleihen dem Verfahren keinen technischen Charakter, es sei denn, diese Schritte tragen zur technischen L{\"o}sung einer technischen Aufgabe bei. zur Fussnote *},
  file = {/Users/chrisoesterreich/Zotero/storage/XTP3JFDM/Dokument.html}
}

@incollection{fischerJuristischeAspekteKI2020,
  title = {{Juristische Aspekte der KI}},
  booktitle = {{K{\"u}nstliche Intelligenz in Wirtschaft \& Gesellschaft: Auswirkungen, Herausforderungen \& Handlungsempfehlungen}},
  author = {Fischer, Hans-J{\"o}rg},
  editor = {Buchkremer, R{\"u}diger and Heupel, Thomas and Koch, Oliver},
  year = {2020},
  pages = {77--90},
  publisher = {Springer Fachmedien},
  address = {Wiesbaden},
  doi = {10.1007/978-3-658-29550-9_5},
  urldate = {2024-08-01},
  abstract = {Die vorhersehbare Entwicklung der k{\"u}nstlichen Intelligenz (KI) wird bei immer st{\"a}rkerer Perfektionierung zu einem zunehmenden Einsatz der KI auch bei komplexen Prozessen f{\"u}hren. Die zunehmende Autonomie KI-basierter Systeme wirft die Frage nach einer Eigen- oder Fremdverantwortlichkeit perfektionierter KI-Systeme auf. Auf juristische Fragestellungen angewandt stellt sich die Frage von rechtlichen L{\"u}cken bei Handlungen KI-basierter Maschinen, insbesondere bei Haftung und Zurechnung von Ertr{\"a}gen aus Leistungen. Damit stellt sich die Frage, ob das Spektrum der bisher rechtlich geregelten Rechtspers{\"o}nlichkeiten -- nat{\"u}rliche und juristische Personen -- der Erweiterung bedarf. Ausgehend von dem diesbez{\"u}glichen Vorschlag des Europ{\"a}ischen Parlaments f{\"u}r eine ,,elektronische Person`` und einer kritischen Betrachtung dieser neuen Rechtspers{\"o}nlichkeit werden Umfang und Grenzen eines solchen Konstruktes untersucht und die sich daraus ergebenden Folgefragen er{\"o}rtert.},
  isbn = {978-3-658-29550-9},
  langid = {ngerman},
  file = {/Users/chrisoesterreich/Zotero/storage/3TQLW2AI/Fischer - 2020 - Juristische Aspekte der KI.pdf}
}

@misc{GewerblicherRechtschutzUnd,
  title = {{Gewerblicher Rechtschutz und Urheberrecht}},
  journal = {Bundesministerium der Justiz},
  urldate = {2024-07-23},
  abstract = {Gewerblicher Rechtschutz und Urheberrecht},
  howpublished = {https://www.bmj.de/DE/themen/wirtschaft\_finanzen/rechtschutz\_urheberrecht/rechtschutz\_urheberrecht\_node.html},
  langid = {ngerman},
  file = {/Users/chrisoesterreich/Zotero/storage/Q6HRQG6R/rechtschutz_urheberrecht_node.html}
}

@article{gutaAPPLICABILITYGDPRARTIFICIAL2022,
  title = {{{THE APPLICABILITY OF THE GDPR TO ARTIFICIAL INTELLIGENCE AND THE RESULTING THREATS TO NATIONAL INFORMATION SECURITY}}},
  author = {Guta, Tomasz Tadeusz},
  year = {2022},
  month = jun,
  journal = {Studia Bezpiecze{\'n}stwa Narodowego},
  volume = {24},
  number = {2},
  pages = {25--46},
  publisher = {WAT},
  issn = {2082-2677},
  doi = {10.37055/sbn/151151},
  urldate = {2024-07-31},
  abstract = {Both national security and information security are closely associated with and connected to the emerging field of artificial intelligence. In this regard, following the presumed axioms of the anticipated proliferation of AI systems within modern society and its expected widespread implementation...},
  langid = {english},
  file = {/Users/chrisoesterreich/Zotero/storage/SBPJ4LTM/Guta - 2022 - THE APPLICABILITY OF THE GDPR TO ARTIFICIAL INTELL.pdf}
}

@article{haedickeEinfuhrung2020,
  title = {{\S} 1. {{Einf{\"u}hrung}}},
  author = {Haedicke},
  editor = {Haedicke and Timmann},
  year = {2020},
  journal = {Handbuch des Patentrechts},
  edition = {2},
  file = {/Users/chrisoesterreich/Zotero/storage/3AHWP34N/Dokument.html}
}

@incollection{hartmannKuenstlicheIntelligenzIm2020,
  title = {{K{\"u}nstliche Intelligenz im Immaterialg{\"u}terrecht}},
  booktitle = {{KI \& Recht kompakt}},
  author = {Hartmann, Matthias and Ohst, Claudia},
  editor = {Hartmann, Matthias},
  year = {2020},
  pages = {143--164},
  publisher = {Springer},
  address = {Berlin, Heidelberg},
  doi = {10.1007/978-3-662-61700-7_4},
  urldate = {2024-06-12},
  abstract = {Ein urheberrechtlicher Schutz von KI als Computerprogramm kommt in bestimmten Stadien in Betracht. Die reine Datenbasis, die die KI zum Training benutzt, kann eine gesch{\"u}tzte Datenbank darstellen und auch andere gesch{\"u}tzte Elemente enthalten. Ein Schutz der KI als Patent kommt nur dann in Betracht, wenn eine technische Wirkung vorliegt. Eine wenig beachtete Schutzl{\"u}cke besteht aber f{\"u}r die gelernten Parameter einer KI, wenn diese lediglich in einer einfachen Datei gespeichert sind. Hier k{\"o}nnte der erg{\"a}nzende Schutz als Gesch{\"a}ftsgeheimnis wichtig werden. Die KI als urheberrechtliches Werk eigener Art und als Sch{\"o}pfer von Werken sind Schwerpunkte der Diskussion.},
  isbn = {978-3-662-61700-7},
  langid = {ngerman},
  keywords = {3.2 KI als Erfinder},
  file = {/Users/chrisoesterreich/Zotero/storage/ADG5I75E/Hartmann and Ohst - 2020 - Künstliche Intelligenz im Immaterialgüterrecht.pdf}
}

@misc{hiltyIntellectualPropertyJustification2020,
  type = {{{SSRN Scholarly Paper}}},
  title = {Intellectual {{Property Justification}} for {{Artificial Intelligence}}},
  author = {Hilty, Reto and Hoffmann, J{\"o}rg and Scheuerer, Stefan},
  year = {2020},
  month = feb,
  number = {3539406},
  address = {Rochester, NY},
  urldate = {2024-08-23},
  abstract = {Against the backdrop of the current discussion of how AI reshapes certain IP paradigms, this chapter reassesses the need for IP protection in AI markets per se. We assess the question of justification of IP rights for both AI as a tool and AI-generated output in light of the very theoretical foundations of IP protection (from both legal embedded deontological and utilitarian economic standpoints). Traditionally, IP is granted due to deontological reasoning according to which a human creator's efforts and personality have to be awarded and protected, and economic reasoning, according to which exclusive rights in intangible goods have to be established in order to remedy market failure in public goods markets. IP ought to serve as a regulatory system of stimulation of creation and innovation using market forces to achieve this goal. Based on the current state of knowledge however, it seems that specific market implications of the widespread use of most AI applications may have altered the justification for AI-related IP protection in certain cases. Whereas this seems particularly true regarding AI tools, the case for AI outputs may be different.},
  langid = {english},
  keywords = {algorithm,artificial intelligence,black box,digital economy,innovation,intellectual property,intellectual property justification,machine learning,software,technology},
  file = {/Users/chrisoesterreich/Zotero/storage/TBXMUCHT/Hilty et al. - 2020 - Intellectual Property Justification for Artificial.pdf}
}

@misc{instituteofelectricalandelectronicsengineersinc.ISO47652010,
  title = {{{ISO}} 4765-2010},
  author = {{Institute of Electrical {and} Electronics Engineers, Inc.}},
  file = {/Users/chrisoesterreich/Zotero/storage/RJFC6AWB/Institute of Electrical and Electronics Engineers, Inc. - ISO 4765-2010.pdf}
}

@misc{IntroducingChatGPT,
  title = {Introducing {{ChatGPT}}},
  urldate = {2024-06-13},
  abstract = {We've trained a model called ChatGPT which interacts in a conversational way. The dialogue format makes it possible for ChatGPT to answer followup questions, admit its mistakes, challenge incorrect premises, and reject inappropriate requests.},
  howpublished = {https://openai.com/index/chatgpt/},
  langid = {american},
  keywords = {1 Einleitung},
  file = {/Users/chrisoesterreich/Zotero/storage/42M5GWVY/chatgpt.html}
}

@article{konertzErfindungenDurchComputer2018,
  title = {{Erfindungen durch Computer und k{\"u}nstliche Intelligenz -- eine aktuelle Herausforderung f{\"u}r das Patentrecht?}},
  author = {Konertz, Roman and Sch{\"o}nhof, Raoul},
  year = {2018},
  journal = {Zeitschrift f{\"u}r geistiges Eigentum},
  volume = {10},
  number = {4},
  pages = {379},
  issn = {1867-237X},
  doi = {10.1628/zge-2018-0032},
  urldate = {2024-06-12},
  langid = {ngerman},
  keywords = {3.2 KI als Erfinder},
  file = {/Users/chrisoesterreich/Zotero/storage/YYX7BU5D/Konertz and Schönhof - 2018 - Erfindungen durch Computer und künstliche Intellig.pdf}
}

@misc{KuenstlicheIntelligenz,
  title = {{K{\"u}nstliche Intelligenz}},
  urldate = {2024-07-03},
  howpublished = {https://www.digitale-technologien.de/DT/Navigation/DE/Themen/KuenstlicheIntelligenz/KuenstlicheIntelligenz.html},
  langid = {ngerman},
  keywords = {1 Einleitung,2.2 KI Def},
  file = {/Users/chrisoesterreich/Zotero/storage/M6TZM3VN/KuenstlicheIntelligenz.html}
}

@misc{KuenstlicheIntelligenzKI,
  title = {{K{\"u}nstliche Intelligenz (KI) und maschinelles Lernen - Fraunhofer IKS}},
  journal = {Fraunhofer-Institut f{\"u}r Kognitive Systeme IKS},
  urldate = {2024-06-13},
  abstract = {Informationen zur Forschung des Fraunhofer IKS in den Bereichen K{\"u}nstliche Intelligenz und Machine Learning},
  howpublished = {https://www.iks.fraunhofer.de/de/themen/kuenstliche-intelligenz.html},
  langid = {ngerman},
  keywords = {2.2 KI Def},
  file = {/Users/chrisoesterreich/Zotero/storage/C9VSP9BR/kuenstliche-intelligenz.html}
}

@misc{lackesDefinitionAnwendungsprogramm,
  type = {{Text}},
  title = {{Definition: Anwendungsprogramm}},
  shorttitle = {{Definition}},
  author = {Lackes, Prof Dr Richard},
  journal = {https://wirtschaftslexikon.gabler.de/definition/anwendungsprogramm-29651},
  publisher = {Springer Fachmedien Wiesbaden GmbH},
  urldate = {2024-07-16},
  abstract = {Was ist "Anwendungsprogramm"? Definition im Gabler Wirtschaftslexikon vollst{\"a}ndig und kostenfrei online. \ding{51}Gepr{\"u}ftes Wissen beim Original.},
  chapter = {economy},
  howpublished = {https://wirtschaftslexikon.gabler.de/definition/anwendungsprogramm-29651},
  langid = {ngerman},
  file = {/Users/chrisoesterreich/Zotero/storage/VFE6ZACH/anwendungsprogramm-29651.html}
}

@misc{lackesDefinitionSystemprogramm,
  type = {{Text}},
  title = {{Definition: Systemprogramm}},
  shorttitle = {{Definition}},
  author = {Lackes, Prof Dr Richard},
  journal = {https://wirtschaftslexikon.gabler.de/definition/systemprogramm-50325},
  publisher = {Springer Fachmedien Wiesbaden GmbH},
  urldate = {2024-07-16},
  abstract = {Was ist "Systemprogramm"? Definition im Gabler Wirtschaftslexikon vollst{\"a}ndig und kostenfrei online. \ding{51}Gepr{\"u}ftes Wissen beim Original.},
  chapter = {economy},
  howpublished = {https://wirtschaftslexikon.gabler.de/definition/systemprogramm-50325},
  langid = {ngerman},
  file = {/Users/chrisoesterreich/Zotero/storage/NVKELR67/systemprogramm-50325.html}
}

@article{ledererLedererPatentierungIm2019,
  title = {Lederer: {{Patentierung}} Im {{Bereich K{\"u}nstlicher Intelligenz}}},
  shorttitle = {Lederer},
  author = {Lederer, Patentanwalt Dipl-Inform (Univ ) Thomas L.},
  year = {2019},
  journal = {Gewerblicher Rechtsschutz und Urheberrecht, Praxis im Immaterialg{\"u}ter und Wettbewerbsrecht},
  number = {7},
  pages = {152--154},
  abstract = {Der Beitrag befasst sich mit der Patentierung im Bereich K{\"u}nstlicher Intelligenz und wirft die Frage auf, ob die bestehenden Patentgesetze der sich schnell entwickelnden Technologie in zufriedenstellender Weise gerecht werden k{\"o}nnen.},
  keywords = {3.2 KI als Erfinder},
  file = {/Users/chrisoesterreich/Zotero/storage/ZBMHM9XE/Dokument.html}
}

@misc{MathematischeMethoden,
  title = {3.3 {{Mathematische Methoden}}},
  urldate = {2024-08-22},
  howpublished = {https://www.epo.org/de/legal/guidelines-epc/2024/g\_ii\_3\_3.html},
  file = {/Users/chrisoesterreich/Zotero/storage/3LH2XP4U/g_ii_3_3.html}
}

@article{melullisEPUArt522023,
  title = {{{EP{\"U} Art}}. 52 {{Patentierbare Erfindungen}}},
  author = {Melullis and Koch},
  editor = {EP{\"U}, Europ{\"a}isches Patent{\"u}bereinkommen-},
  year = {2023},
  journal = {Benkard},
  edition = {4},
  keywords = {3.1 Pat Computerprogramm},
  file = {/Users/chrisoesterreich/Zotero/storage/6EN5D2NE/Dokument.html}
}

@article{nagerlKunstlicheIntelligenzParadigmenwechsel2019,
  title = {K{\"u}nstliche {{Intelligenz}}: {{Paradigmenwechsel}} Im {{Patentsystem}}},
  shorttitle = {K{\"u}nstliche {{Intelligenz}}},
  author = {N{\"a}gerl, Joel and Neuburger, Benedikt and Steinbach, Frank},
  year = {2019},
  journal = {Gewerblicher Rechtsschutz und Urheberrecht},
  number = {4},
  pages = {336--341},
  abstract = {K{\"u}nstliche Intelligenz (KI) wird auf das Wirtschaftsleben weitreichende Auswirkungen haben, die auch das Patentwesen in seinem Kern ber{\"u}hren werden. Dazu geh{\"o}ren nach Ansicht der Autoren unmittelbare Folgen f{\"u}r das Verst{\"a}ndnis der im Patentrecht zentralen Rechtskonstrukte wie zum Beispiel betreffend den Fachmann, sein Fachwissen, den Offenbarungsgehalt und die Erfinderschaft sowie die Bewertung der Neuheit, der erfinderischen T{\"a}tigkeit und der Ausf{\"u}hrbarkeit. Im Folgenden wird {\"u}berblicksartig aufgezeigt, mit welchen {\"A}nderungen der Patentinhaber beim Anmelden und Durchsetzen von Patenten zu rechnen hat.},
  keywords = {3.2 KI als Erfinder},
  file = {/Users/chrisoesterreich/Zotero/storage/QI33GIEU/Dokument.html}
}

@misc{NumberChatGPTUsers2023,
  title = {Number of {{ChatGPT Users}} ({{Jun}} 2024)},
  year = {2023},
  month = mar,
  journal = {Exploding Topics},
  urldate = {2024-06-13},
  abstract = {Statistics and growth data related to the number of ChatGPT users.},
  howpublished = {https://explodingtopics.com/blog/chatgpt-users},
  langid = {english},
  keywords = {1 Einleitung},
  file = {/Users/chrisoesterreich/Zotero/storage/JMSNBXHH/chatgpt-users.html}
}

@incollection{offenburgerSchutzSoftwareSoftware2017,
  title = {{Schutz von SoftwareSoftware}},
  booktitle = {{Patent und Patentrecherche: Praxisbuch f{\"u}r KMU, Start-ups und Erfinder}},
  author = {Offenburger, Oliver},
  editor = {Offenburger, Oliver},
  year = {2017},
  pages = {75--84},
  publisher = {Springer Fachmedien},
  address = {Wiesbaden},
  doi = {10.1007/978-3-658-14431-9_6},
  urldate = {2024-06-12},
  abstract = {Immer wieder werden Fragen zum Schutz von Softwareprodukten, sogenannten Computer-implementierten Erfindungen, gestellt. Die Antworten f{\"u}hren meist zu Verwunderung, denn die Allgemeinheit bringt oft die rechtliche Situation in Deutschland/Europa mit den Gegebenheiten der USA und anderer L{\"a}nder durcheinander. Regelm{\"a}{\ss}ig h{\"o}rt man in den Nachrichten von Patentstreitigkeiten gro{\ss}er Tech-Giganten {\"u}ber Software und Software-Bausteine.},
  isbn = {978-3-658-14431-9},
  langid = {ngerman},
  keywords = {3.1 Pat Computerprogramm},
  file = {/Users/chrisoesterreich/Zotero/storage/8IAWAE33/Offenburger - 2017 - Schutz von SoftwareSoftware.pdf}
}

@article{papastefanouGeneticBreedingAlgorithms2019,
  title = {Genetic {{Breeding Algorithms}} Als {{Form}} Des ,,{{Machine Learning}}`` Im {{Urheber-}} Und {{Patentrecht}} --- {{Rechtliche Herausforderungen}} Beim {{Schutz}} von {{Algorithmen}} Des {{Genetic Breeding Models}}},
  author = {Papastefanou, Stefan},
  year = {2019},
  month = apr,
  journal = {Computer und Recht},
  volume = {35},
  number = {4},
  pages = {209--215},
  publisher = {Verlag Dr. Otto Schmidt},
  issn = {2194-4172},
  doi = {10.9785/cr-2019-350406},
  urldate = {2024-06-12},
  abstract = {Article Genetic Breeding Algorithms als Form des ,,Machine Learning`` im Urheber- und Patentrecht --- Rechtliche Herausforderungen beim Schutz von Algorithmen des Genetic Breeding Models was published on April 1, 2019 in the journal Computer und Recht (volume 35, issue 4).},
  copyright = {De Gruyter expressly reserves the right to use all content for commercial text and data mining within the meaning of Section 44b of the German Copyright Act.},
  langid = {english},
  keywords = {2.2 KI Def,3.1.2 Urheber vs. Patentrecht,3.2 KI als Erfinder},
  file = {/Users/chrisoesterreich/Zotero/storage/S3W5C2M7/Papastefanou - 2019 - Genetic Breeding Algorithms als Form des „Machine .pdf}
}

@misc{PatenteImBereich,
  title = {{Patente im Bereich Software}},
  journal = {RGTH},
  urldate = {2024-03-05},
  abstract = {Software patentieren? Unsere Anw{\"a}lte kl{\"a}ren Ihre M{\"o}glichkeiten und unterst{\"u}tzen Sie bei der Anmeldung ► Jetzt Kontakt aufnehmen},
  langid = {ngerman},
  keywords = {3.1 Pat Computerprogramm},
  file = {/Users/chrisoesterreich/Zotero/storage/2ZCZWWCD/patente-software.html}
}

@misc{PatGNichtamtlichesInhaltsverzeichnis,
  title = {{{PatG}} - Nichtamtliches {{Inhaltsverzeichnis}}},
  urldate = {2024-07-16},
  howpublished = {https://www.gesetze-im-internet.de/patg/},
  file = {/Users/chrisoesterreich/Zotero/storage/M7E2LMMS/patg.html}
}

@article{pauliniKIgenerierteErfindungPatentrechtliche,
  title = {{Die KI-generierte Erfindung - Die patentrechtliche Zuordnung technischer Leistungen im Zeitalter k{\"u}nstlicher Intelligenz}},
  author = {Paulini, Oskar},
  langid = {ngerman},
  file = {/Users/chrisoesterreich/Zotero/storage/5ZWGE6I8/Paulini - Die KI-generierte Erfindung - Die patentrechtliche.pdf}
}

@misc{pramodithaOverviewNeuralNetwork2022a,
  title = {Overview of a {{Neural Network}}'s {{Learning Process}}},
  author = {Pramoditha, Rukshan},
  year = {2022},
  month = feb,
  journal = {Medium},
  urldate = {2024-07-11},
  abstract = {Neural Networks and Deep Learning Course: Part 8},
  howpublished = {https://medium.com/data-science-365/overview-of-a-neural-networks-learning-process-61690a502fa},
  langid = {english},
  keywords = {2.2 KI Def},
  file = {/Users/chrisoesterreich/Zotero/storage/VHJCEQ2N/overview-of-a-neural-networks-learning-process-61690a502fa.html}
}

@misc{RedekerITRechtSchutz,
  title = {Redeker, {{IT-Recht}} {\textbar} {{A}}. {{Der Schutz}} von {{Software Rn}}. 1-277 - Beck-Online},
  urldate = {2024-04-15},
  howpublished = {https://beck-online.beck.de/?vpath=bibdata\%2Fkomm\%2FRedekerHdbITR\_6\%2Fcont\%2FRedekerHdbITR\%2EglA\%2EglII\%2Egl2\%2Egla\%2Ehtm},
  keywords = {3.1 Pat Computerprogramm},
  file = {/Users/chrisoesterreich/Zotero/storage/4UMUU5RQ/beck-online.beck.de.html}
}

@article{scheibeGajeckScheibeKISchutz2023,
  title = {Gajeck/{{Scheibe}}: {{KI-Schutz}} Im {{Erfinderrecht}} -- Die {{Lage}} Nach ,,{{DABUS}}``},
  shorttitle = {Gajeck/{{Scheibe}}},
  author = {Scheibe, Niclas A. Gajeck Roman C.},
  year = {2023},
  journal = {Recht Digital},
  number = {9},
  pages = {408--414},
  keywords = {3.2 KI als Erfinder},
  file = {/Users/chrisoesterreich/Zotero/storage/643GBEWL/Dokument.html}
}

@misc{stadlerKuenstlicheIntelligenz,
  title = {{K{\"u}nstliche Intelligenz}},
  author = {Stadler, Max-Ludwig},
  journal = {mindsquare},
  urldate = {2024-06-19},
  abstract = {K{\"u}nstliche Intelligenz ist mehr als ein gehyptes Buzzword. KI bestimmt den Alltag und h{\"a}lt Einzug in Unternehmen. Praxisbeispiele, Use Cases \& mehr.},
  langid = {ngerman},
  keywords = {2.2 KI Def},
  file = {/Users/chrisoesterreich/Zotero/storage/J6B425L2/kuenstliche-intelligenz.html}
}

@misc{StateoftheartArtificialNeural,
  title = {State-of-the-Art in Artificial Neural Network Applications: {{A}} Survey: {{Heliyon}}},
  urldate = {2024-07-11},
  howpublished = {https://www.cell.com/heliyon/fulltext/S2405-8440(18)33206-7},
  keywords = {2.2 KI Def},
  file = {/Users/chrisoesterreich/Zotero/storage/PHERN5DW/S2405-8440(18)33206-7.html}
}

@article{surdenMachineLearningLaw,
  title = {Machine {{Learning}} and {{Law}}},
  author = {Surden, Harry},
  journal = {WASHINGTON LAW REVIEW},
  volume = {89},
  langid = {english},
  file = {/Users/chrisoesterreich/Zotero/storage/T6FZYEZY/Surden - Machine Learning and Law.pdf}
}

@misc{TextsAdoptedIntellectual,
  title = {Texts Adopted - {{Intellectual}} Property Rights for the Development of Artificial Intelligence Technologies - {{Tuesday}}, 20 {{October}} 2020},
  urldate = {2024-07-31},
  howpublished = {https://www.europarl.europa.eu/doceo/document/TA-9-2020-0277\_EN.html},
  langid = {english},
  file = {/Users/chrisoesterreich/Zotero/storage/HGGYBV63/TA-9-2020-0277_EN.html}
}

@misc{WasIstDeep2023,
  title = {{Was ist Deep Learning? {\textbar} IBM}},
  shorttitle = {{Was ist Deep Learning?}},
  year = {2023},
  month = jun,
  urldate = {2024-07-03},
  abstract = {Deep Learning simuliert unser Gehirn und hilft Systemen zu lernen, Objekte aufzudecken und komplexe Aufgaben mit zunehmender Genauigkeit voll automatisch auszuf{\"u}hren.},
  howpublished = {https://www.ibm.com/de-de/topics/deep-learning},
  langid = {ngerman},
  keywords = {2.2 KI Def},
  file = {/Users/chrisoesterreich/Zotero/storage/3C8IHFQ9/deep-learning.html}
}

@misc{WasIstGenerative,
  title = {{Was ist generative KI? Grundlagen und Anwendung {\textbar} Red Hat}},
  shorttitle = {{Was ist generative KI?}},
  urldate = {2024-06-19},
  abstract = {Generative KI (generative AI) ist eine Form der k{\"u}nstlichen Intelligenz, die, gest{\"u}tzt auf Deep Learning-Modellen, Texte, Bilder und andere neue Inhalte erstellen kann.},
  howpublished = {https://www.redhat.com/de/topics/ai/what-is-generative-ai},
  langid = {ngerman},
  keywords = {2.2 KI Def},
  file = {/Users/chrisoesterreich/Zotero/storage/NFGSSBKR/what-is-generative-ai.html}
}

@misc{WasIstKuenstliche,
  title = {{Was ist k{\"u}nstliche Intelligenz? {\textbar} KI im Unternehmen und KI f{\"u}r Unternehmen {\textbar} SAP Insights}},
  shorttitle = {{Was ist k{\"u}nstliche Intelligenz?}},
  journal = {SAP},
  urldate = {2024-07-16},
  abstract = {Erfahren Sie, wie k{\"u}nstliche Intelligenz und KI-Technologien die Gesch{\"a}ftsprozesse ver{\"a}ndern und Unternehmen widerstands- und wettbewerbsf{\"a}higer machen.},
  howpublished = {https://www.sap.com/germany/products/artificial-intelligence/what-is-artificial-intelligence.html},
  langid = {german},
  file = {/Users/chrisoesterreich/Zotero/storage/FE5BBAPI/what-is-artificial-intelligence.html}
}

@misc{WasIstKuenstliche2020,
  title = {{Was ist k{\"u}nstliche Intelligenz und wie wird sie genutzt?}},
  year = {2020},
  month = sep,
  journal = {Themen {\textbar} Europ{\"a}isches Parlament},
  urldate = {2024-06-19},
  abstract = {K{\"u}nstliche Intelligenz (KI) gilt als ,,zukunftsweisende Technologie``. Doch was eigentlich ist k{\"u}nstliche Intelligenz und wie ver{\"a}ndert sie unser Leben?},
  howpublished = {https://www.europarl.europa.eu/topics/de/article/20200827STO85804/was-ist-kunstliche-intelligenz-und-wie-wird-sie-genutzt},
  langid = {ngerman},
  keywords = {2.2 KI Def},
  file = {/Users/chrisoesterreich/Zotero/storage/7A5PYLIY/was-ist-kunstliche-intelligenz-und-wie-wird-sie-genutzt.html}
}

@misc{WasIstKuenstliche2021,
  title = {{Was ist k{\"u}nstliche Intelligenz (KI)? {\textbar} IBM}},
  shorttitle = {{Was ist k{\"u}nstliche Intelligenz (KI)?}},
  year = {2021},
  month = oct,
  urldate = {2024-06-19},
  abstract = {K{\"u}nstliche Intelligenz (KI) ist eine Technologie, die es Computern und digitalen Ger{\"a}ten erm{\"o}glicht, zu lernen, zu lesen, zu schreiben, zu kreieren und zu analysieren.},
  howpublished = {https://www.ibm.com/de-de/topics/artificial-intelligence},
  langid = {ngerman},
  keywords = {2.2 KI Def}
}

@misc{WasIstProgramm,
  title = {{Was ist Programm (Computerprogramm)? - Definition von Computer Weekly}},
  shorttitle = {{Was ist Programm (Computerprogramm)?}},
  journal = {ComputerWeekly.de},
  urldate = {2024-07-16},
  abstract = {In der Informatik ist ein Computerprogramm (Programm) ein spezifischer Satz von geordneten Rechenoperationen, die ein Computer ausf{\"u}hren soll.},
  howpublished = {https://www.computerweekly.com/de/definition/Computerprogramm-Programm},
  langid = {ngerman},
  file = {/Users/chrisoesterreich/Zotero/storage/TP6XV4HT/Computerprogramm-Programm.html}
}

@misc{WasIstStarke2023,
  title = {{Was ist starke KI? {\textbar} IBM}},
  shorttitle = {{Was ist starke KI?}},
  year = {2023},
  month = may,
  urldate = {2024-06-23},
  abstract = {Erfahren Sie mehr {\"u}ber die starke KI, eine theoretische Form der KI, die menschliche Eigenschaften und F{\"a}higkeiten wie Vernunft, Planung und Probleml{\"o}sung repliziert.},
  howpublished = {https://www.ibm.com/de-de/topics/strong-ai},
  langid = {ngerman},
  keywords = {2.2 KI Def}
}

@misc{WasSindKonvolutionale2021,
  title = {{Was sind konvolutionale neuronale Netze? {\textbar} IBM}},
  shorttitle = {{Was sind konvolutionale neuronale Netze?}},
  year = {2021},
  month = oct,
  urldate = {2024-07-03},
  abstract = {Ein Convolutional Neural Network verwendet dreidimensionale Daten zur Bildklassifizierung und Objekterkennung.},
  howpublished = {https://www.ibm.com/de-de/topics/convolutional-neural-networks},
  langid = {ngerman},
  keywords = {2.2 KI Def},
  file = {/Users/chrisoesterreich/Zotero/storage/DTXNVU8W/convolutional-neural-networks.html}
}

@misc{WasSindRekurrente2023,
  title = {{Was sind rekurrente neuronale Netze? {\textbar} IBM}},
  shorttitle = {{Was sind rekurrente neuronale Netze?}},
  year = {2023},
  month = dec,
  urldate = {2024-07-03},
  abstract = {Erfahren Sie, wie rekurrente neuronale Netze sequenzielle Daten verwenden, um allgemeine zeitliche Probleme zu l{\"o}sen, die bei der Sprachkonvertierung und Spracherkennung auftreten.},
  howpublished = {https://www.ibm.com/de-de/topics/recurrent-neural-networks},
  langid = {ngerman},
  keywords = {2.2 KI Def},
  file = {/Users/chrisoesterreich/Zotero/storage/L3SFUK45/recurrent-neural-networks.html}
}

@misc{WhatAIBasica,
  title = {What Is {{AI}}? / {{Basic Questions}}},
  urldate = {2024-07-03},
  howpublished = {http://jmc.stanford.edu/artificial-intelligence/what-is-ai/index.html},
  keywords = {2.2 KI Def},
  file = {/Users/chrisoesterreich/Zotero/storage/DUFW9VPV/index.html}
}

@article{zirnSOFTWARERECHTSSCHUTZZWISCHENURHEBERRECHT,
  title = {{SOFTWARERECHTSSCHUTZ ZWISCHEN URHEBERRECHT UND PATENTRECHT}},
  author = {Zirn, Frank},
  langid = {ngerman},
  keywords = {3.1 Pat Computerprogramm,3.1.2 Urheber vs. Patentrecht},
  file = {/Users/chrisoesterreich/Zotero/storage/PHQ7P8IP/Zirn - SOFTWARERECHTSSCHUTZ ZWISCHEN URHEBERRECHT UND PAT.pdf}
}
